@article{calis2013properties,
    title={Properties of MHC Class I Presented Peptides That Enhance Immunogenicity},
    author={Calis, Jorg JA and Maybeno, Matt and Greenbaum, Jason A and Weiskopf, Daniela and De Silva, Aruna D and Sette, Alessandro and Kesmir, Can and Peters, Bjoern},
    journal={PLoS Computational Biology},
    year={2013},
    volume={9},
    number={10},
    pages={e1003266},
    doi={10.1371/journal.pcbi.1003266},
    publisher={Public Library of Science}
}

@article{andreatta2015gapped,
    title={Gapped sequence alignment using artificial neural networks: application to the MHC class I system},
    author={Andreatta, Massimo and Nielsen, Morten},
    journal={Bioinformatics},
    year={2015},
    volume={32},
    number={4},
    pages={511--517},
    doi={10.1093/bioinformatics/btv639},
    publisher={Oxford University Press}
}

@article{andreatta2016netmhcpan,
    title={NetMHCpan-4.1: Improved predictions for any Major Histocompatibility Complex class I molecule},
    author={Andreatta, Massimo and Nielsen, Morten},
    journal={Nature Methods},
    year={2016},
    volume={13},
    number={4},
    pages={357--360},
    doi={10.1038/nmeth.3842}
}

@article{reynisson2020netmhcpan,
    title={NetMHCpan-4.1 and NetMHCIIpan-4.0: improved predictions of MHC antigen presentation by concurrent motif deconvolution and integration of MS MHC eluted ligand data},
    author={Reynisson, Birkir and Alvarez, Bruno and Paul, Sinu and Peters, Bjoern and Nielsen, Morten},
    journal={Nucleic Acids Research},
    year={2020},
    volume={48},
    number={W1},
    pages={W449--W454},
    doi={10.1093/nar/gkaa379}
}
